<record><leader>00000cas a22000007a 4500</leader><controlfield tag="001">21478518</controlfield><controlfield tag="008">900504d18uu18uuohuwr ne      0    0eng d</controlfield><datafield ind1=" " ind2=" " tag="010"><subfield code="a">sn 90068384 </subfield></datafield><datafield ind1=" " ind2=" " tag="040"><subfield code="a">ONP</subfield><subfield code="b">eng</subfield><subfield code="c">ONP</subfield><subfield code="d">OCLCQ</subfield></datafield><datafield ind1=" " ind2=" " tag="042"><subfield code="a">msc</subfield></datafield><datafield ind1="0" ind2=" " tag="130"><subfield code="a">Covington enterprise (Covington, Ohio)</subfield></datafield><datafield ind1="1" ind2="0" tag="245"><subfield code="a">Covington enterprise.</subfield></datafield><datafield ind1=" " ind2=" " tag="260"><subfield code="a">Covington, O. [Ohio] :</subfield><subfield code="b">H.J. Pearson</subfield></datafield><datafield ind1=" " ind2=" " tag="300"><subfield code="a">v.</subfield></datafield><datafield ind1=" " ind2=" " tag="310"><subfield code="a">Weekly</subfield></datafield><datafield ind1=" " ind2=" " tag="588"><subfield code="a">Description based on: Vol. 9, no. 46 (Nov. 17, 1887).</subfield></datafield><datafield ind1=" " ind2=" " tag="752"><subfield code="a">United States</subfield><subfield code="b">Ohio</subfield><subfield code="c">Miami</subfield><subfield code="d">Covington.</subfield></datafield></record>